<?xml version="1.0" encoding="UTF-8"?><collection xmlns="http://www.loc.gov/MARC21/slim"><record><leader>00482nam--2200169-i-4500</leader><controlfield tag="001">000009516</controlfield><controlfield tag="002">20161230</controlfield><controlfield tag="005">20161230201028</controlfield><controlfield tag="008">060222s1000------------r-----000-0-eng-d</controlfield><datafield ind1=" " ind2=" " tag="040"><subfield code="a">IFIN-HH</subfield></datafield><datafield ind1=" " ind2=" " tag="080"><subfield code="a">537.226:532</subfield></datafield><datafield ind1="1" ind2=" " tag="100"><subfield code="a">Adamczewski, Ignacy</subfield></datafield><datafield ind1="1" ind2="0" tag="245"><subfield code="a">Ionization, conductivity and breakdown in dielectric liquids</subfield><subfield code="c">Ignacy adamczewski</subfield></datafield><datafield ind1=" " ind2=" " tag="260"><subfield code="a">London</subfield><subfield code="b">Taylor And Francis Ltd</subfield><subfield code="c">1969</subfield></datafield><datafield ind1=" " ind2=" " tag="300"><subfield code="a">XV + 439 P</subfield></datafield><datafield ind1=" " ind2=" " tag="852"><subfield code="a">34223</subfield><subfield code="c">537.52</subfield></datafield><datafield ind1=" " ind2=" " tag="CAT"><subfield code="a">Sys</subfield><subfield code="c">20110804</subfield><subfield code="h">100819</subfield></datafield></record></collection>